@article{dubin, 
title={On curves of minimal length with a constraint on average curvature, and with prescribed initial and terminal positions and
tangents}, 
volume={79}, 
journal={American Journal of Mathematics }, 
author={L.E. Dubins}, 
year={1957}, 
pages={497 -- 516}
}

@article{cockayne, 
title={Plane Motion of a Particle Subject to Curvature Constraints}, 
volume={13}, 
journal={Siam Journal on Control}, 
author={J. Cockayne, E \& W. C. Hall, G.}, 
year={1975}, 
pages={13. 10.1137/0313012}
}